@article{zeiler2012adadelta,
  title={ADADELTA: an adaptive learning rate method},
  author={Zeiler, Matthew D},
  journal={arXiv preprint arXiv:1212.5701},
  year={2012}
}

@misc{chollet2015keras,
	title={Keras},
	author={Chollet, Fran{\c{c}}ois},
	year={2015}
}

@article{yi2014learning,
	title={Learning face representation from scratch},
	author={Yi, Dong and Lei, Zhen and Liao, Shengcai and Li, Stan Z},
	journal={arXiv preprint arXiv:1411.7923},
	year={2014}
}

@article{lawrence1997face,
	title={Face recognition: A convolutional neural-network approach},
	author={Lawrence, Steve and Giles, C Lee and Tsoi, Ah Chung and Back, Andrew D},
	journal={IEEE transactions on neural networks},
	volume={8},
	number={1},
	pages={98--113},
	year={1997},
	publisher={IEEE}
}

@article{abadi2016tensorflow,
	title={Tensorflow: Large-scale machine learning on heterogeneous distributed systems},
	author={Abadi, Mart{\'\i}n and Agarwal, Ashish and Barham, Paul and Brevdo, Eugene and Chen, Zhifeng and Citro, Craig and Corrado, Greg S and Davis, Andy and Dean, Jeffrey and Devin, Matthieu and others},
	journal={arXiv preprint arXiv:1603.04467},
	year={2016}
}

@misc{casia,
	author = {},
	title = {{CASIA WebFace Database}},
	howpublished = "\url{http://www.cbsr.ia.ac.cn/english/CASIA-WebFace-Database.html}",
	year = {2014}, 
	note = "[Online; accessed 28-April-2017]"
}

@TechReport{LFWTech,
	author =       {Gary B. Huang and Manu Ramesh and Tamara Berg and 
	Erik Learned-Miller},
	title =        {Labeled Faces in the Wild: A Database for Studying 
	Face Recognition in Unconstrained Environments},
	institution =  {University of Massachusetts, Amherst},
	year =         2007,
	number =       {07-49},
	month =        {October}}